@online{bitkom_cloud_computing_survey,
    title={Nutzung von Cloud Computing in Unternehmen boomt},
    url={https://www.bitkom.org/Presse/Presseinformation/Nutzung-von-Cloud-Computing-in-Unternehmen-boomt.html},
    year={2017},
    month={3},
    author={Streim, Andreas},
    author={Dr Weber, Mathias},
    author={Grimm, Franz},
    organization={Bitkom e.V.},
}
